<?xml version="1.0" encoding="UTF-8"?><collection xmlns="http://www.loc.gov/MARC21/slim"><record><leader>00661nam--2200205-u-4500</leader><controlfield tag="001">000053323</controlfield><controlfield tag="002">20161230</controlfield><controlfield tag="005">20161230201051</controlfield><controlfield tag="008">110311s1000------------r-----000-0-eng-d</controlfield><datafield ind1=" " ind2=" " tag="020"><subfield code="a">3540505857</subfield></datafield><datafield ind1=" " ind2=" " tag="040"><subfield code="a">IFIN-HH</subfield></datafield><datafield ind1=" " ind2=" " tag="080"><subfield code="a">512.81(031.038)</subfield></datafield><datafield ind1="1" ind2=" " tag="100"><subfield code="a">Onishchik, A.L (Ed.)</subfield></datafield><datafield ind1="1" ind2="0" tag="245"><subfield code="a">Lie groups and lie algebras ii</subfield><subfield code="b">Discrete subgroups of lie groups and cohomologies of lie groups and lie algebras</subfield><subfield code="c">A.l. onishchik; e.b. vinberg (eds.)</subfield></datafield><datafield ind1=" " ind2=" " tag="260"><subfield code="a">Berlin</subfield><subfield code="b">Springer</subfield><subfield code="c">2000</subfield></datafield><datafield ind1=" " ind2=" " tag="300"><subfield code="a">223P</subfield></datafield><datafield ind1=" " ind2=" " tag="490"><subfield code="a">Encyclopaedia Of Mathematical Sciences</subfield><subfield code="v">Vol. 21</subfield></datafield><datafield ind1="1" ind2=" " tag="700"><subfield code="a">Vinberg, E.B</subfield><subfield code="e">Ed</subfield></datafield><datafield ind1=" " ind2=" " tag="852"><subfield code="a">81515</subfield><subfield code="c">519.4/5</subfield></datafield><datafield ind1=" " ind2=" " tag="CAT"><subfield code="a">Sys</subfield><subfield code="c">20110311</subfield><subfield code="h">130435</subfield></datafield></record></collection>